<?xml version="1.0" encoding="UTF-8"?>
<collection xmlns:xsi="http://www.w3.org/2001/XMLSchema-instance" xsi:schemaLocation="http://www.loc.gov/MARC21/slim http://www.loc.gov/standards/marcxml/schema/MARC21slim.xsd" xmlns="http://www.loc.gov/MARC21/slim">
<record>
  <leader>01143cam a22002771a 4500</leader>
  <controlfield tag="001">3063585</controlfield>
  <controlfield tag="003">NNC</controlfield>
  <controlfield tag="005">20121018064403.0</controlfield>
  <controlfield tag="008">990129s1945    ua            000 0 ara d</controlfield>
  <datafield tag="035" ind1=" " ind2=" ">
    <subfield code="a">(OCoLC)ocm40699927</subfield>
  </datafield>
  <datafield tag="035" ind1=" " ind2=" ">
    <subfield code="9">ATN5393CU</subfield>
  </datafield>
  <datafield tag="035" ind1=" " ind2=" ">
    <subfield code="a">(NNC)3063585</subfield>
  </datafield>
  <datafield tag="040" ind1=" " ind2=" ">
    <subfield code="a">CUD</subfield>
    <subfield code="c">CUD</subfield>
    <subfield code="d">OCL</subfield>
    <subfield code="d">ZCU</subfield>
  </datafield>
  <datafield tag="099" ind1=" " ind2=" ">
    <subfield code="a">893.7991</subfield>
    <subfield code="a">R2194</subfield>
  </datafield>
  <datafield tag="100" ind1="1" ind2=" ">
    <subfield code="a">ʻAbd al-Rāziq, Muṣṭafá,</subfield>
    <subfield code="d">1886-1947.</subfield>
  </datafield>
  <datafield tag="245" ind1="1" ind2="0">
    <subfield code="a">Faylasūf ʾal-ʻArab wa-ʾal-Muʻallim ʾal-T︠h︡ānī /</subfield>
    <subfield code="c">taʾlīf Muṣṭafá ʻAbd ʾal-Rāziq Bās︠h︡ā.</subfield>
  </datafield>
  <datafield tag="260" ind1=" " ind2=" ">
    <subfield code="a">[ʾal-Qāhirah] :</subfield>
    <subfield code="b">Dār ʾIḥyāʾ ʾal-Kutub ʾal-ʻArabīyah :</subfield>
    <subfield code="b">ʻĪsá ʾal-Bābī ʾal-Ḥalabī,</subfield>
    <subfield code="c">1945.</subfield>
  </datafield>
  <datafield tag="300" ind1=" " ind2=" ">
    <subfield code="a">127 p. ;</subfield>
    <subfield code="c">23 cm.</subfield>
  </datafield>
  <datafield tag="490" ind1="1" ind2=" ">
    <subfield code="a">Muʾallafāt ʾal-Jamʻīyah ʾal-Falsafīyah ʾal-Miṣrīyah</subfield>
  </datafield>
  <datafield tag="504" ind1=" " ind2=" ">
    <subfield code="a">Includes bibliographical references.</subfield>
  </datafield>
  <datafield tag="600" ind1="0" ind2="4">
    <subfield code="a">Kindī,</subfield>
    <subfield code="d">d. ca. 873.</subfield>
  </datafield>
  <datafield tag="600" ind1="1" ind2="4">
    <subfield code="a">Fārābī, Muḥammad ibn Muḥammad,</subfield>
    <subfield code="d">874-950.</subfield>
  </datafield>
  <datafield tag="600" ind1="0" ind2="4">
    <subfield code="a">Alhazen,</subfield>
    <subfield code="d">965-1039.</subfield>
  </datafield>
  <datafield tag="600" ind1="1" ind2="4">
    <subfield code="a">ʾIbn Taymīyah, ʾAḥmad ibn ʻAbd ʾal-Ḥalīm,</subfield>
    <subfield code="d">1263-1328.</subfield>
  </datafield>
  <datafield tag="830" ind1=" " ind2="0">
    <subfield code="a">Muʼallafāt ʼal-Jamʻīyah ʼal-Falsafīyah ʼal-Miṣrīyah.</subfield>
  </datafield>
  <datafield tag="955" ind1=" " ind2=" ">
    <subfield code="b">CU58848819</subfield>
    <subfield code="d">off,glx</subfield>
    <subfield code="e">893.7991 R2194</subfield>
  </datafield>
</record>
</collection>